<record><leader>00000cas a2200000 a 4500</leader><controlfield tag="001">11977905</controlfield><controlfield tag="008">850429d19011902ksuwr ne      0    0eng d</controlfield><datafield ind1=" " ind2=" " tag="010"><subfield code="a">sn 85031226 </subfield></datafield><datafield ind1=" " ind2=" " tag="040"><subfield code="a">KSH</subfield><subfield code="b">eng</subfield><subfield code="c">KSH</subfield><subfield code="d">NPT</subfield><subfield code="d">OCL</subfield><subfield code="d">OCLCQ</subfield></datafield><datafield ind1=" " ind2=" " tag="042"><subfield code="a">msc</subfield></datafield><datafield ind1="0" ind2="0" tag="245"><subfield code="a">Blue Valley clipper.</subfield></datafield><datafield ind1=" " ind2=" " tag="260"><subfield code="a">Waterville, Kan. :</subfield><subfield code="b">R.E. McBride, Jr.</subfield></datafield><datafield ind1=" " ind2=" " tag="300"><subfield code="a">v. :</subfield><subfield code="b">ill. (chiefly advertisements) ;</subfield><subfield code="c">30-49 cm.</subfield></datafield><datafield ind1=" " ind2=" " tag="310"><subfield code="a">Weekly</subfield></datafield><datafield ind1="1" ind2=" " tag="362"><subfield code="a">Began in 1901.</subfield><subfield code="z">Cf. Ayer, 1903.</subfield></datafield><datafield ind1="1" ind2=" " tag="362"><subfield code="a">Ceased with Aug. 28, 1902 issue?</subfield></datafield><datafield ind1=" " ind2=" " tag="500"><subfield code="a">Published by: E.M. Simpson, Jan. 31-May 29, 1902; Mrs. H.B. McBride, June 5-Aug. 28, 1902.</subfield></datafield><datafield ind1=" " ind2=" " tag="588"><subfield code="a">Description based on: Vol. 1, no. 8 (Oct. 24, 1901).</subfield></datafield><datafield ind1=" " ind2=" " tag="752"><subfield code="a">United States</subfield><subfield code="b">Kansas</subfield><subfield code="c">Marshall</subfield><subfield code="d">Waterville.</subfield></datafield></record>